<?xml version="1.0" encoding="UTF-8"?>
<record xmlns="http://www.loc.gov/MARC21/slim" xmlns:xsi="http://www.w3.org/2001/XMLSchema-instance" xsi:schemaLocation="http://www.loc.gov/MARC21/slim http://www.loc.gov/standards/marcxml/schema/MARC21slim.xsd">
<leader>00000cam a22      a 4500</leader>
<controlfield tag="001">001928562</controlfield>
<controlfield tag="003">NNU</controlfield>
<controlfield tag="005">20150805180238.0</controlfield>
<controlfield tag="008">011121m19581964sy a     b    001 0 arard</controlfield>
<datafield tag="035" ind1=" " ind2=" ">
<subfield code="a">(OCoLC)145432879</subfield>
</datafield>
<datafield tag="040" ind1=" " ind2=" ">
<subfield code="a">PU</subfield>
<subfield code="b">eng</subfield>
<subfield code="c">EUM</subfield>
<subfield code="d">OCLCF</subfield>
<subfield code="d">OCLCO</subfield>
<subfield code="d">OCLCQ</subfield>
<subfield code="d">NNU</subfield>
</datafield>
<datafield tag="043" ind1=" " ind2=" ">
<subfield code="a">a-sy---</subfield>
</datafield>
<datafield tag="050" ind1=" " ind2="4">
<subfield code="a">DS99.A56</subfield>
<subfield code="b">T36 1958</subfield>
</datafield>
<datafield tag="100" ind1="1" ind2=" ">
<subfield code="6">880-01</subfield>
<subfield code="a">Tawtal, Firdīnān,</subfield>
<subfield code="e">editor.</subfield>
</datafield>
<datafield tag="245" ind1="1" ind2="0">
<subfield code="6">880-02</subfield>
<subfield code="a">Wathāʼiq tārīkhīyah ʻan Ḥalab /</subfield>
<subfield code="c">Firdīnān Tawtil.</subfield>
</datafield>
<datafield tag="260" ind1=" " ind2=" ">
<subfield code="6">880-03</subfield>
<subfield code="a">Bayrūt :</subfield>
<subfield code="b">al-Maṭbaʻah al-Kāthūlīkīyah,</subfield>
<subfield code="c">1958-1964.</subfield>
</datafield>
<datafield tag="300" ind1=" " ind2=" ">
<subfield code="a">4 volumes :</subfield>
<subfield code="b">illustrations ;</subfield>
<subfield code="c">24 cm.</subfield>
</datafield>
<datafield tag="336" ind1=" " ind2=" ">
<subfield code="a">text</subfield>
<subfield code="b">txt</subfield>
<subfield code="2">rdacontent</subfield>
</datafield>
<datafield tag="337" ind1=" " ind2=" ">
<subfield code="a">unmediated</subfield>
<subfield code="b">n</subfield>
<subfield code="2">rdamedia</subfield>
</datafield>
<datafield tag="338" ind1=" " ind2=" ">
<subfield code="a">volume</subfield>
<subfield code="b">nc</subfield>
<subfield code="2">rdacarrier</subfield>
</datafield>
<datafield tag="490" ind1="1" ind2=" ">
<subfield code="6">880-04</subfield>
<subfield code="a">Nuṣūṣ wa-durūs ;</subfield>
<subfield code="v">2, 9, 19</subfield>
</datafield>
<datafield tag="500" ind1=" " ind2=" ">
<subfield code="a">Title on added t.p.: Contribution à l'histoire d'Alep.</subfield>
</datafield>
<datafield tag="504" ind1=" " ind2=" ">
<subfield code="a">Includes bibliographical references and indexes.</subfield>
</datafield>
<datafield tag="505" ind1="1" ind2=" ">
<subfield code="a">v. [1]-2. Akhbār al-Mawāranah wa-mā ilayhim min 1606-yawminā -- v. 3. akhbār al-Siryān wa-mā ilayhim akhdan ʻan yawmīyat Naʻʻūm al-Bakhkhāsh wa-ghayrahā min al-makhṭūṭāt 1840-1875 -- v. 4. Akhbār al-Lātīn wa-al-Rūm wa-mā ilayhim.</subfield>
</datafield>
<datafield tag="651" ind1=" " ind2="0">
<subfield code="a">Aleppo (Syria)</subfield>
<subfield code="x">History.</subfield>
</datafield>
<datafield tag="651" ind1=" " ind2="7">
<subfield code="a">Syria</subfield>
<subfield code="z">Aleppo.</subfield>
<subfield code="2">fast</subfield>
<subfield code="0">(OCoLC)fst01213345</subfield>
</datafield>
<datafield tag="655" ind1=" " ind2="7">
<subfield code="a">History.</subfield>
<subfield code="2">fast</subfield>
<subfield code="0">(OCoLC)fst01411628</subfield>
</datafield>
<datafield tag="740" ind1="0" ind2=" ">
<subfield code="a">Contributions à l'histoire d'Alep.</subfield>
</datafield>
<datafield tag="880" ind1="1" ind2=" ">
<subfield code="6">100-01/</subfield>
<subfield code="a">توتل، فردينان.</subfield>
</datafield>
<datafield tag="880" ind1="1" ind2="0">
<subfield code="6">245-02/</subfield>
<subfield code="a">وثائق تاريخية عن حلب /</subfield>
<subfield code="c">فردينان توتل.</subfield>
</datafield>
<datafield tag="880" ind1=" " ind2=" ">
<subfield code="6">260-03/</subfield>
<subfield code="a">بيروت :</subfield>
<subfield code="b">المطبعة الكاثوليكية؛</subfield>
<subfield code="c">١٩٦٤-١٩٥٨.</subfield>
</datafield>
<datafield tag="880" ind1="1" ind2=" ">
<subfield code="6">490-04/</subfield>
<subfield code="a">نصوص و دروس ؛</subfield>
<subfield code="v">٢، ٩، ١٩</subfield>
</datafield>
<datafield tag="830" ind1=" " ind2="0">
<subfield code="6">880-05</subfield>
<subfield code="a">Nuṣūṣ wa-durūs ;</subfield>
<subfield code="v">2, 9, 19.</subfield>
</datafield>
<datafield tag="880" ind1=" " ind2="0">
<subfield code="6">830-05/</subfield>
<subfield code="a">نصوص ودروس ;</subfield>
<subfield code="v">2، 9، 19.</subfield>
</datafield>
<datafield tag="OWN" ind1=" " ind2=" ">
<subfield code="a">GENERAL</subfield>
</datafield>
<datafield tag="AVA" ind1=" " ind2=" ">
<subfield code="a">NYU50</subfield>
<subfield code="b">BOBST</subfield>
<subfield code="c">Main Collection</subfield>
<subfield code="d">DS99.A56 T36 1958</subfield>
<subfield code="e">unavailable</subfield>
<subfield code="t">Unavailable</subfield>
<subfield code="f">4</subfield>
<subfield code="g">4</subfield>
<subfield code="h">Y</subfield>
<subfield code="i">0</subfield>
<subfield code="j">MAIN</subfield>
<subfield code="k">0</subfield>
</datafield>
</record>
